@misc{trapezoidal,
    author = "{Wikipedia contributors}",
    title = "Trapezoidal rule --- {Wikipedia}{,} The Free Encyclopedia",
    year = "2021",
    howpublished = "\url{https://en.wikipedia.org/w/index.php?title=Trapezoidal_rule&oldid=1036645689}",
    note = "[Online; accessed 19-September-2021]"
}

@misc{eratosthenes,
author = "{Wikipedia contributors}",
title = "Sieve of Eratosthenes --- {Wikipedia}{,} The Free Encyclopedia",
year = "2021",
howpublished = "\url{https://en.wikipedia.org/w/index.php?title=Sieve_of_Eratosthenes&oldid=1040549678}",
note = "[Online; accessed 22-September-2021]"
}