@misc{enwiki:ppslowdown,
author = "{Wikipedia contributors}",
title = "Parallel slowdown --- {Wikipedia}{,} The Free Encyclopedia",
year = "2018",
howpublished = "\url{https://en.wikipedia.org/w/index.php?title=Parallel_slowdown&oldid=876149288}",
note = "[Online; accessed 3-October-2021]"
}